@misc{web:VoortmanGeschiedenis,
	author = {Voortman},
	title = {Hoe het allemaal begon},
	year = {2025},
	url = {https://www.voortman.net/nl/over-ons},
	note = {Last accessed 19 March 2025}
}